<?xml version="1.0" encoding="UTF-8"?><collection xmlns="http://www.loc.gov/MARC21/slim"><record><leader>00449nam--2200181-i-4500</leader><controlfield tag="001">000015917</controlfield><controlfield tag="002">20161230</controlfield><controlfield tag="005">20161230201031</controlfield><controlfield tag="008">060222s1000------------r-----000-0-eng-d</controlfield><datafield ind1=" " ind2=" " tag="020"><subfield code="a">0852744447</subfield></datafield><datafield ind1=" " ind2=" " tag="040"><subfield code="a">IFIN-HH</subfield></datafield><datafield ind1=" " ind2=" " tag="080"><subfield code="a">523.4</subfield></datafield><datafield ind1="1" ind2=" " tag="100"><subfield code="a">Cole, G. H. A</subfield></datafield><datafield ind1="1" ind2="0" tag="245"><subfield code="a">Physics of planetary interiors</subfield><subfield code="c">G.h.a. cole</subfield></datafield><datafield ind1=" " ind2=" " tag="260"><subfield code="a">Bristol</subfield><subfield code="b">Adam Hilger Ltd</subfield><subfield code="c">1984</subfield></datafield><datafield ind1=" " ind2=" " tag="300"><subfield code="a">XIV+208P</subfield></datafield><datafield ind1=" " ind2=" " tag="852"><subfield code="a">74120</subfield><subfield code="c">523</subfield></datafield><datafield ind1=" " ind2=" " tag="CAT"><subfield code="a">Sys</subfield><subfield code="c">20141208</subfield><subfield code="h">154209</subfield></datafield></record></collection>